@report{Wal14,
	author = "Walz, Achim",
	howpublished = "KIT / DHBW Karlsruhe",
	month = September,
	title = "{Serialisierung von Datenobjekten in XML zur Übertragung von Objektdaten aus Energieanwendungen}",
	year = "2014"
}
@report{Zil14,
	author = "Zilian, Lars",
	howpublished = "Hochschule Mannheim / KIT",
	month = Juli,
	title = "{Strukturelle Metadaten- Objektorientierte Beschreibung von Klassen für das generische Management von Energiedaten und -Modellen}",
	year = "2014"
}
@Book{Sai13,
        title = "JavaScript and JSON Essentials",
        author = "Sai Srinivas Sripapasa",
        year = "2013"
}
@misc{WikiJSON,
        title = "JavaScript Object Notation",
        month = "Juni",
        year = "2014",
        url = "http://de.wikipedia.org/wiki/JSON"
}
@misc{WikiSeri,
        title = "Serialisierung",
        month = "Mai",
        year = "2014",
        url = "http://de.wikipedia.org/wiki/Serialisieren"
}
@misc{Jackson,
        title = "Jackson Project Home",
        month = "August",
        year = "2014",
        url = "https://github.com/FasterXML/jackson"
}
@misc{ExceptionSafety,
        title = "More Exceptional Java",
        month = "Juni",
        year = "2002",
        author = "Alan Griffiths",
        url = "http://accu.org/index.php/journals/399"
}
@misc{JSON_Schema,
        title = "Jackson JSON Schema Module",
        month = "August",
        year = "2014",
        url = "https://github.com/FasterXML/jackson-module-jsonSchema"
}
@misc{FlexJSON,
        title = "FLEXJSON",
        url = "http://flexjson.sourceforge.net/"
}
@misc{JahnBaum,
	title = "Theoretische Grundlagen der Informatik",
	url = "\\http://www.imn.htwk-leipzig.de/~jahn/Grundl09/gfol09.pdf",
	howpublished = "HTWK Leipzig",
	author = "Prof. Dr. Karl-Udo Jahn",
	year = "Wintersemester 2009/2010"
}
@misc{FlexJSONDebug,
        title = "Nie mehr ohne JSON Serializer",
        month = "Mai",
        year = "2012",
        url = "http://blog-it.hypoport.de/2012/05/29/keine-debugging-session-ohne-json-serializer/"
}
@misc{Mkyong,
        title = "Jackson Tree Model Example",
        month = "August",
        year = "2011",
        url = "http://www.mkyong.com/java/jackson-tree-model-example/"
}
@misc{EclipseSource,
        title = "A Fast and Minimal JSON Parser for Java",
        month = "April",
        year = "2013",
        author = "Ralf Sternberg"
        url = "http://eclipsesource.com/blogs/2013/04/18/minimal-json-parser-for-java/"
}